<?xml version="1.0" encoding="UTF-8"?>
<record xmlns="http://www.loc.gov/MARC21/slim">
  <leader>01554nam a2200325 a 4500</leader>
  <controlfield tag="001">3176007</controlfield>
  <controlfield tag="007">he ama015bbcp</controlfield>
  <controlfield tag="007">he bma015baap</controlfield>
  <controlfield tag="007">he ama015babp</controlfield>
  <controlfield tag="008">000614s1844    quc     b     000 p fre d</controlfield>
  <datafield tag="020" ind1=" " ind2=" ">
    <subfield code="a">0665951590</subfield>
  </datafield>
  <datafield tag="035" ind1=" " ind2=" ">
    <subfield code="a">ocm56744317</subfield>
  </datafield>
  <datafield tag="040" ind1=" " ind2=" ">
    <subfield code="a">CaOOCIHM</subfield>
    <subfield code="b">fre</subfield>
    <subfield code="c">CaOOCIHM</subfield>
    <subfield code="d">AEU</subfield>
  </datafield>
  <datafield tag="082" ind1="0" ind2=" ">
    <subfield code="a">C841/.3</subfield>
    <subfield code="2">21</subfield>
  </datafield>
  <datafield tag="090" ind1=" " ind2=" ">
    <subfield code="a">FC 02 0203 no. 95159</subfield>
    <subfield code="b">AEU</subfield>
  </datafield>
  <datafield tag="245" ind1="0" ind2="3">
    <subfield code="a">Un souvenir pour 1844 : l&apos;emblème des couleurs, des fleurs, des plantes et des arbres</subfield>
    <subfield code="h">[microforme] :</subfield>
    <subfield code="b">suivi de différents morceaux de poé sies attachés aux différentes fleurs, plantes et arbres, du symbole des animaux, de litérature canadienne et de la bonne aventure mystérieuse ou la cartomancie solitaire /</subfield>
    <subfield code="c">compilé par J.B.E.D.</subfield>
  </datafield>
  <datafield tag="260" ind1=" " ind2=" ">
    <subfield code="a">[Trois-Rivières, Québec? :</subfield>
    <subfield code="b">s.n.],</subfield>
    <subfield code="c">1844</subfield>
    <subfield code="e">(Trois-Rivières [Québec] :</subfield>
    <subfield code="f">G. Stobbs)</subfield>
  </datafield>
  <datafield tag="300" ind1=" " ind2=" ">
    <subfield code="a">2 microfiches (64 images)</subfield>
  </datafield>
  <datafield tag="490" ind1="1" ind2=" ">
    <subfield code="a">CIHM/ICMH Microfiche series = CIHM/ICMH collection de microfiches ;</subfield>
    <subfield code="v">no. 95159</subfield>
  </datafield>
  <datafield tag="500" ind1=" " ind2=" ">
    <subfield code="a">Errata--p. 112.</subfield>
  </datafield>
  <datafield tag="533" ind1=" " ind2=" ">
    <subfield code="a">Microfiche de l&apos;exemplaire de l&apos;édition originale se trouvant à l&apos;Assemblée nationale du Québec, Bibliothèque, Québec.</subfield>
    <subfield code="b">Ottawa :</subfield>
    <subfield code="c">Institut canadien de microreproductions historiques,</subfield>
    <subfield code="d">1999.</subfield>
  </datafield>
  <datafield tag="534" ind1=" " ind2=" ">
    <subfield code="e">112 p. ; 13 cm.</subfield>
  </datafield>
  <datafield tag="596" ind1=" " ind2=" ">
    <subfield code="a">43</subfield>
  </datafield>
  <datafield tag="650" ind1=" " ind2="4">
    <subfield code="a">Poésie canadienne-française, ICMH.</subfield>
  </datafield>
  <datafield tag="650" ind1=" " ind2="4">
    <subfield code="a">Canadian poetry (French), CIHM.</subfield>
  </datafield>
  <datafield tag="700" ind1="0" ind2=" ">
    <subfield code="a">J. B. E. D.</subfield>
  </datafield>
  <datafield tag="830" ind1=" " ind2="0">
    <subfield code="a">CIHM/ICMH microfiche series ;</subfield>
    <subfield code="v">no. 95159</subfield>
  </datafield>
  <datafield tag="949" ind1=" " ind2=" ">
    <subfield code="h">UAHS-MF</subfield>
    <subfield code="z">CIHMMPRE</subfield>
  </datafield>
  <datafield tag="016" ind1=" " ind2=" ">
    <subfield code="a"> 006013406</subfield>
  </datafield>
  <datafield tag="926" ind1=" " ind2=" ">
    <subfield code="a">UAHSS</subfield>
    <subfield code="b">MICROFICHE</subfield>
    <subfield code="c">FC 02 0203 no. 95159</subfield>
    <subfield code="d">MICROFORM</subfield>
    <subfield code="f">1</subfield>
  </datafield>
</record>
